
@article{Braak_2018,
  author  = {ter Braak, Cajo and Vrugt, Jasper},
  year    = {2008},
  month   = {12},
  pages   = {435-446},
  title   = {Differential Evolution Markov Chain with snooker updater and fewer chains},
  volume  = {18},
  journal = {Statistics and Computing},
  doi     = {10.1007/s11222-008-9104-9}
}

@article{Smith_2020,
    author = {Haden Smith, Cole and Doughty, Megan},
    year = {2020},
    month = {08},
    pages = {},
    title = {RMC-BestFit Quick Start Guide},
    doi = {10.13140/RG.2.2.23168.97280}
}

@unknown{Smith_2020b,
author = {Haden Smith, Cole},
year = {2020},
month = {06},
pages = {},
title = {Verification of the Bayesian Estimation and Fitting Software (RMC-BestFit)},
doi = {10.13140/RG.2.2.16124.05764}
}
@inproceedings{Millard_2023,
  author    = {L. Millard},
  title     = {Probably some practical advice when using Flood Frequency Analysis utilities},
  booktitle = {Hydrology and Water Resources Symposium},
  year      = {2023},
  address   = {Sydney, Australia}
}

@inproceedings{Smith_2024,
  author    = {Haden Smith, Cole},
  title     = {Nonstationary Flood Frequency Analysis with RMC-BestFit
},
  booktitle = {ANCOLD Conference},
  year      = {2024},
  address   = {Adelaide, Australia}
}

@book{Bobee_1991,
  author    = {Bobee, B. and Ashkar, F.},
  title     = {The Gamma Family and Derived Distributions Applied in Hydrology},
  year      = {1991},
  publisher = {Water Resources Publications},
  address   = {Littleton, CO}
}

@article{Cheng_2014,
  author       = {Cheng, Liang and AghaKouchak, Amir},
  title        = {Nonstationary Precipitation Intensity-Duration-Frequency Curves for Infrastructure Design in a Changing Climate},
  journal      = {Scientific Reports},
  volume       = {4},
  pages        = {7093},
  year         = {2014},
  publisher    = {Nature Publishing Group},
  doi          = {10.1038/srep07093},
  url          = {https://doi.org/10.1038/srep07093}
}

@article{Cheng_2014_b,
  author       = {Cheng, Liang and AghaKouchak, Amir and Gilleland, Eric and Katz, Richard W.},
  title        = {Non-stationary extreme value analysis in a changing climate},
  journal      = {Climatic Change},
  volume       = {127},
  pages        = {353--369},
  year         = {2014},
  publisher    = {Springer},
  doi          = {10.1007/s10584-014-1254-5},
  url          = {https://doi.org/10.1007/s10584-014-1254-5}
}

@Inbook{Singh_1998,
author="Singh, Vijay P.",
title="Log-Pearson Type III Distribution",
bookTitle="Entropy-Based Parameter Estimation in Hydrology",
year="1998",
publisher="Springer Netherlands",
address="Dordrecht",
pages="252--274",
isbn="978-94-017-1431-0",
doi="10.1007/978-94-017-1431-0_15",
url="https://doi.org/10.1007/978-94-017-1431-0_15"
}

